@INPROCEEDINGS{spectre,
  author={Kocher, Paul and Horn, Jann and Fogh, Anders and Genkin, Daniel and Gruss, Daniel and Haas, Werner and Hamburg, Mike and Lipp, Moritz and Mangard, Stefan and Prescher, Thomas and Schwarz, Michael and Yarom, Yuval},
  booktitle={2019 IEEE Symposium on Security and Privacy (SP)}, 
  title={Spectre Attacks: Exploiting Speculative Execution}, 
  year={2019},
  volume={},
  number={},
  pages={1-19},
  doi={10.1109/SP.2019.00002}}

